<?xml version="1.0" encoding="UTF-8"?><collection xmlns="http://www.loc.gov/MARC21/slim"><record><leader>00494nam--2200181-i-4500</leader><controlfield tag="001">000011768</controlfield><controlfield tag="002">20161230</controlfield><controlfield tag="005">20161230201029</controlfield><controlfield tag="008">060222s1000------------r-----000-0-fre-d</controlfield><datafield ind1=" " ind2=" " tag="040"><subfield code="a">IFIN-HH</subfield></datafield><datafield ind1=" " ind2=" " tag="041"><subfield code="a">fre</subfield></datafield><datafield ind1=" " ind2=" " tag="080"><subfield code="a">539.126(043):539.125(043)</subfield></datafield><datafield ind1="1" ind2=" " tag="100"><subfield code="a">Bordes, Gisele</subfield></datafield><datafield ind1="1" ind2="0" tag="245"><subfield code="a">Mesons vectoriels et facteurs de forme des nucleons</subfield><subfield code="b">These</subfield><subfield code="c">Gisele bordes</subfield></datafield><datafield ind1=" " ind2=" " tag="260"><subfield code="a">Paris</subfield><subfield code="b">Universite Paris Vi</subfield><subfield code="c">1973</subfield></datafield><datafield ind1=" " ind2=" " tag="300"><subfield code="a">70 P</subfield></datafield><datafield ind1=" " ind2=" " tag="852"><subfield code="a">43399</subfield><subfield code="c">539.12</subfield></datafield><datafield ind1=" " ind2=" " tag="CAT"><subfield code="a">Sys</subfield><subfield code="c">20111124</subfield><subfield code="h">154250</subfield></datafield></record></collection>